<?xml version="1.0" encoding="UTF-8"?><collection xmlns="http://www.loc.gov/MARC21/slim"><record><leader>00406nam--2200133-i-4500</leader><controlfield tag="001">000040624</controlfield><controlfield tag="002">20161230</controlfield><controlfield tag="005">20161230201042</controlfield><controlfield tag="008">060222s1000------------r-----000-0-eng-d</controlfield><datafield ind1=" " ind2=" " tag="080"><subfield code="a">533.5:621.52</subfield></datafield><datafield ind1=" " ind2=" " tag="100"><subfield code="a">Schneider,Habul H.G. Und Edelmann,Christian</subfield></datafield><datafield ind1=" " ind2=" " tag="245"><subfield code="a">Vakuumphysik und technik. mit 235 abbidungen und 51 tabellen</subfield></datafield><datafield ind1=" " ind2=" " tag="260"><subfield code="a">Leipzig, Akad.Verlag Gesst &amp; Portig K.G.,1978. 443 P</subfield></datafield><datafield ind1=" " ind2=" " tag="852"><subfield code="a">46238</subfield></datafield></record></collection>